
@mastersthesis{Moss2012,
	address = {Cologne, Germany},
	title = {Theorie der {Tonfelder} und {Neo}-{Riemannian} {Theory}},
	school = {Hochschule für Musik und Tanz Köln},
	author = {Moss, Fabian C.},
	author+an = {1=me},
	year = {2012}
}

@inproceedings{Moss2014,
	address = {London},
	title = {Tonality and functional equivalence: {A} multi-level model for the cognition of triadic progressions in 19th century music},
	volume = {1},
	booktitle = {International {Conference} of {Students} of {Systematic} {Musicology} - {Proceedings}},
	author = {Moss, Fabian C.},
	author+an = {1=me},
	year = {2014},
	pages = {1--8}
}

@techreport{Moss2011,
	title = {Albert {Simons} {Theorie} der {Tonfelder} und {John} {Cloughs} {Flip}-{Flop} {Circles} im {Vergleich}},
	author = {Moss, Fabian C.},
	author+an = {1=me},
	year = {2011},
	pages = {1--24}
}

@article{Moss2017,
	title = {[{Review} of {David} {Huron}. {Voice} {Leading}: {The} {Science} behind a {Musical} {Art}]},
	volume = {4},
	doi = {https://doi.org/10.11116/MTA.4.1.7 1},
	number = {1},
	journal = {Music Theory \& Analysis},
	author = {Moss, Fabian C.},
	author+an = {1=me},
	year = {2017},
	pages = {119--130}
}

@article{Moss2019_pitchplots,
	title = {{pitchplots}},
	doi = {10.5281/zenodo.3265393},
	author = {Moss, Fabian C. and Loayza, Timothy and Rohrmeier, Martin},
	author+an = {1=me},
	year = {2019}
}

@article{Moss2019b,
	title = {Statistical characteristics of tonal harmony: a corpus study of {Beethoven}'s string quartets},
	volume = {14},
	doi = {10.1371/journal.pone.0217242},
	number = {6},
	journal = {PLoS ONE},
	author = {Moss, Fabian C. and Neuwirth, Markus and Harasim, Daniel and Rohrmeier, Martin},
	author+an = {1=me},
	year = {2019},
	pages = {e0217242}
}

@article{Popescu2019c,
	title = {The pleasantness of sensory dissonance is mediated by musical style and expertise},
	volume = {9},
	doi = {10.1038/s41598-018-35873-8},
	number = {1},
	journal = {Scientific Reports},
	author = {Popescu, Tudor and Neuser, Monja Pascale and Neuwirth, Markus and Bravo, Fernando and Mende, Wolfgang and Boneh, Oren and Moss, Fabian C. and Rohrmeier, Martin},
	author+an = {7=me},
	year = {2019},
	pages = {1070}
}

@inproceedings{landnes_model_2019,
	address = {Málaga, Spain},
	title = {A {Model} {Comparison} for {Chord} {Prediction} on the {Annotated} {Beethoven} {Corpus}},
	booktitle = {Proceedings of the 16th {Sound} \& {Music} {Computing} {Conference} ({SMC} 2019)},
	author = {Landnes, Kristoffer and Mehrabyan, Liana and Wiklund, Victor and Lieck, Robert and Moss, Fabian C. and Rohrmeier, Martin},
	author+an = {5=me},
	editor = {Barbancho, Isabel and Tardón, Lorenzo J. and Peinado, Alberto and Barbancho, Ana M.},
	year = {2019},
	pages = {250--254}
}

@phdthesis{moss_transitions_2019,
	address = {Lausanne, Switzerland},
	type = {Doctoral {Dissertation}},
	title = {Transitions of {Tonality}: {A} {Model}-{Based} {Corpus} {Study}},
	school = {École Polytechnique Fédérale de Lausanne},
	author = {Moss, Fabian C.},
	author+an = {1=me},
	year = {2019},
	doi = {10.5075/epfl-thesis-9808}
}

@article{moss_harmony_2020,
	title = {Harmony and form in {Brazilian} {Choro}: {A} corpus-driven approach to musical style analysis},
	volume = {49},
	shorttitle = {Harmony and form in {Brazilian} {Choro}},
	doi = {10.1080/09298215.2020.1797109},
	number = {5},
	journal = {Journal of New Music Research},
	author = {Moss, Fabian C. and Souza, Willian Fernandes and Rohrmeier, Martin},
	author+an = {1=me},
	year = {2020},
	pages = {416--437}
}

@article{lieck_tonal_2020,
	title = {The {Tonal} {Diffusion} {Model}},
	volume = {3},
	doi = {10.5334/tismir.46},
	number = {1},
	journal = {Transactions of the International Society for Music Information Retrieval},
	author = {Lieck, Robert and Moss, Fabian C. and Rohrmeier, Martin},
	author+an = {2=me},
	year = {2020},
	pages = {153--164},
}


@article{Neuwirth2018,
	title = {The {Annotated} {Beethoven} {Corpus} ({ABC}): {A} {Dataset} of {Harmonic} {Analyses} of {All} {Beethoven} {String} {Quartets}},
	volume = {5},
	doi = {10.3389/fdigh.2018.00016},
	number = {July},
	journal = {Frontiers in Digital Humanities},
	author = {Neuwirth, Markus and Harasim, Daniel and Moss, Fabian C. and Rohrmeier, Martin},
	author+an = {3=me},
	year = {2018},
	pages = {1--5}
}
